@ONLINE{Lobelle:2013:Online,
	author = {Lobelle, Marc},
	title = {Foditic Website: SORTES Course},
	year = {2013},
	url = {http://foditic.org/SORTES_13/}
}